@BOOK{Baz04,
  author = {Bazaraa, M. S. and J. J. Jarvis and H. D. Sherali},
  year = 2004,
  title = {Programaci\'on lineal y flujo en redes},
  edition = 2,
  publisher = {Limusa},
  address = {M\'exico, DF}
}
@ARTICLE{Dan82,
  author = {George B. Dantzig},
  year = 1982,
  title = {Reminiscences about the origins of linear programming},
  journal = {Operations Research Letters},
  volume = 1,
  number = 2,
  pages = {43--48}
}
@MISC{Mat11,
  author = {Miguel Mata},
  title  ={Bibliograf\'{\i}a en \LaTeX: Una gu\'{\i}a concisa de \textsc{Bib}\TeX},
  year = {2011},
  howpublished = {(versi\'on 0.3), recurso libre, disponible en http://logistica.fime.uanl.mx/miguel/docs/BibTeX.pdf}
}
@article{larson1974hypercube,
  title={A hypercube queuing model for facility location and redistricting in urban emergency services},
  author={Larson, Richard C},
  journal={Computers \& Operations Research},
  volume={1},
  number={1},
  pages={67--95},
  year={1974},
  publisher={Elsevier}
}
@book{laguna2012scatter,
  title={Scatter search: methodology and implementations in C},
  author={Laguna, Manuel and Marti, Rafael},
  volume={24},
  year={2012},
  publisher={Springer Science \& Business Media}
}
@article{laguna2002scatter,
  title={Scatter Search: Methodology and Implementations in C},
  author={Laguna, Manuel and Marti, Rafael},
  year={2002},
  publisher={Kluwer Academic Publishers}
}
@article{goldberg1990validating,
  title={Validating and applying a model
 for locating emergency medical vehicles in {T}uczon, {AZ}},
  author={Goldberg, Jeffrey and Dietrich, Robert and Chen, Jen Ming and Mitwasi, M George and Valenzuela, Terry and Criss, Elizabeth},
  journal={European Journal of Operational Research},
  volume={49},
  number={3},
  pages={308--324},
  year={1990},
  publisher={Elsevier}
}

@article{berman1982median,
  Publisher = {Elsevier},
  author = {Berman, Oded and Larson, Richard C.},
  title = {The median problem with congestion},
  journal = {Computers \& Operations Research},
  volume = {9},
  number = {2},
  pages = {119-126},
  year = {1982},
}

@article{berman1987stochastic,
  title={The stochastic queue p-median problem},
  author={Berman, Oded and Larson, RC and Parkan, Celik},
  journal={Transportation Science},
  volume={21},
  number={3},
  pages={207--216},
  year={1987},
  publisher={INFORMS}
}

@article{toregas1971location,
  Publisher = {{Informs}},
  author = {Toregas, Constantine and Swain, Ralph and ReVelle, Charles and Bergman, Lawrence},
  title = {{The location of emergency service facilities}},
  journal = {Operations Research},
  volume = {19},
  number = {6},
  pages = {1363-1373},
  year = {1971},
}

@article{church1974maximal,
  Publisher = {{Wiley Online Library}},
  author = {Church, Richard and Velle, Charles R.},
  title = {{The maximal covering location problem}},
  journal = {{Papers in Regional Science}},
  volume = {32},
  number = {1},
  pages = {101-118},
  year = {1974},
}

@article{glover1998template,
  author = {Glover, Fred},
  title = {{A Template for Scatter Search and Path Relinking}},
  booktitle = {Artifical Evolution},
  Publisher = {Springer},
  year = {1998},
  volume = {1363},
  editor = {J.-K. Hao and E. Lutton and E. Ronald and M. Schoenauer and D. Snyers},
  journal = {{Lecture Notes in Computer Science}},
  pages = {13-54},
  address = {Berlin, Alemania}
}

@article{jarvis1985approximating,
  Publisher = {{INFORMS}},
  author = {Jarvis, James P.},
  title = {{Approximating the equilibrium behavior of multi-server loss systems}},
  journal = {{Management Science}},
  volume = {31},
  number = {2},
  pages = {235-239},
  year = {1985},
  tags = "hypercube qm"

}
@article{swersey1994deployment,
  Publisher = {{Elsevier}},
  author = {Swersey, Arthur J.},
  title = {{The deployment of police, fire, and emergency medical units}},
  journal = {{Handbooks in Operations Research and Management Science}},
  volume = 6,
  pages = {151-200},
  year = 1994,
}

@article{larson1975approximating,
  Publisher = {INFORMS},
  author = {Larson, Richard C.},
  title = {Approximating the performance of urban emergency service systems},
  journal = {Operations Research},
  volume = {23},
  number = {5},
  pages = {845-868},
  year = {1975},
  tags = "ESS"
}
                  
@article{daskin1981hierarchical,
  Publisher = {INFORMS},
  author = {Daskin, Mark S. and Stern, Edmund H.},
  title = {A hierarchical objective set covering model for emergency medical service vehicle deployment},
  journal = {Transportation Science},
  volume = {15},
  number = {2},
  pages = {137-152},
  year = {1981},
  tags = "EMS, Covering"
}

@article{revelle1989maximum,
  Publisher = {INFORMS},
  author = {ReVelle, Charles and Hogan, Kathleen},
  title = {The maximum availability location problem},
  journal = {Transportation Science},
  volume = {23},
  number = {3},
  pages = {192-200},
  year = {1989},
  tags = "location, Covering, probabilistic"
}

@article{gendreau1997solving,
  Publisher = {Elsevier},
  author = {Gendreau, Michel and Laporte, Gilbert and Semet, Fr{\'{e}}d{\'{e}}ric},
  title = {Solving an ambulance location model by tabu search},
  journal = {Location Science},
  volume = {5},
  number = {2},
  pages = {75-88},
  year = {1997},
  tags = "location, Ambulances, Covering, tabu search"
}

@article{saydam2003accurate,
  Publisher = {Elsevier},
  author = {Saydam, Cem and Aytu\ug, Haldun},
  title = {Accurate estimation of expected coverage: revisited},
  journal = {Socio-Economic Planning Sciences},
  volume = {37},
  number = {1},
  pages = {69-80},
  year = {2003},
  tags = "Covering"
}

@article{daskin1983maximum,
  Publisher = {INFORMS},
  author = {Daskin, Mark S.},
  title = {A maximum expected covering location model: formulation, properties and heuristic solution},
  journal = {Transportation Science},
  volume = {17},
  number = {1},
  pages = {48-70},
  year = {1983},
  tags = "probabilistic, Covering"
}

@article{halpern1977accuracy,
  Publisher = {INFORMS},
  author = {Halpern, Jonathan},
  title = {The accuracy of estimates for the performance criteria in certain emergency service queueing systems},
  journal = {Transportation Science},
  volume = {11},
  number = {3},
  pages = {223-242},
  year = {1977},
}

@article{benveniste1985solving,
  Publisher = {JSTOR},
  author = {Benveniste, Regina},
  title = {Solving the combined zoning and location problem for several emergency units},
  journal = {Journal of the Operational Research Society},
  pages = {433-450},
  year = {1985},
}

@phdthesis{jarvis1975optimization,
  title={Optimization in stochastic service systems with distinguishable servers.},
  author={Jarvis, James Patrick},
  year={1975},
  school={Massachusetts Institute of Technology}
}

@Article{hakimi1964optimum,
  Publisher = {INFORMS},
  author = {Hakimi, S. Louis},
  title = {Optimum locations of switching centers and the absolute centers and medians of a graph},
  journal = {Operations research},
  volume = {12},
  number = {3},
  pages = {450-459},
  year = {1964},
}

@Article{weaver1983computational,
  Publisher = {INFORMS},
  author = {Weaver, Jerry R. and Church, Richard L.},
  title = {Computational procedures for location problems on stochastic networks},
  journal = {Transportation Science},
  volume = {17},
  number = {2},
  pages = {168-180},
  year = {1983},
}

@Article{weaver1985median,
  Publisher = {INFORMS},
  author = {Weaver, Jerry R. and Church, Richard L.},
  title = {A median location model with nonclosest facility service},
  journal = {Transportation Science},
  volume = {19},
  number = {1},
  pages = {58-74},
  year = {1985},
}

@article{pirkul1988siting,
  Publisher = {INFORMS},
  author = {Pirkul, Hasan and Schilling, David A.},
  title = {The siting of emergency service facilities with workload capacities and backup service},
  journal = {Management Science},
  volume = {34},
  number = {7},
  pages = {896-908},
  year = {1988},
}

@Article{savas1969simulation,
  Publisher = {INFORMS},
  author = {Savas, E. S.},
  title = {Simulation and cost-effectiveness analysis of New York{'}s emergency ambulance service},
  journal = {Management Science},
  volume = {15},
  number = {12},
  pages = {-608},
  year = {1969},
}

@Article{berlin1974mathematical,
  Publisher = {Elsevier},
  author = {Berlin, Geoffrey N. and Liebman, Jon C.},
  title = {Mathematical analysis of emergency ambulance location},
  journal = {Socio-Economic Planning Sciences},
  volume = {8},
  number = {6},
  pages = {323-328},
  year = {1974},
}

@article{swoveland1973simulation,
  title={A simulation-based methodology for optimization of ambulance service policies},
  author={Swoveland, C and Uyeno, D and Vertinsky, I and Vickson, R},
  journal={Socio-Economic Planning Sciences},
  volume={7},
  number={6},
  pages={697--703},
  year={1973},
  publisher={Elsevier}
}
                  
@article{glover1977heuristics,
  title={Heuristics for integer programming using surrogate constraints},
  author={Glover, Fred},
  journal={Decision Sciences},
  volume={8},
  number={1},
  pages={156--166},
  year={1977},
  publisher={Wiley Online Library}
}

@article{feo1995greedy,
  title={Greedy randomized adaptive search procedures},
  author={Feo, Thomas A and Resende, Mauricio GC},
  journal={Journal of global optimization},
  volume={6},
  number={2},
  pages={109--133},
  year={1995},
  publisher={Springer}
}